%
%  An example of a bibliographical database for bibTeX
%
%  Recommended software for maintenance of *.bib files:
%    JabRef, http://jabref.sourceforge.net/
%
%  BEWARE:
%
%    *  If a name contains a capital letter, which must be kept such,
%       use curly brackets ({T}hailand, {HIV}).
%
%  ===========================================================================


@book{pcgbook,
  author={Shaker, Noor and Togelius, Julian and Nelson, Mark J.},
  title={Procedural Content Generation in Games: A Textbook and an Overview of Current Research},
  publisher={Springer},
  year={2016}
}

@misc{duelyst,
  author={{Counterplay Games}},
  title={Duelyst},
  howpublished={[PC CD-ROM]},
  year={2016}
}

@misc{diablo,
  author={NA: Blizzard Entertainment},
  title={{Diablo 2}},
  howpublished={[PC CD-ROM]},
  year={2000}
}

@misc{borderlands,
  author={2K Games},
  title={Borderlands},
  howpublished={[PC CD-ROM]},
  year={2009}
}

@misc{spelunky,
  author={Mossmouth, LLC},
  title={Spelunky},
  howpublished={[PC CD-ROM]},
  year={2008}
}

@misc{minecraft,
  author={Mojang},
  title={Minecraft},
  howpublished={[PC CD-ROM]},
  year={2011}
}

@misc{faeria,
  author={Abrakam},
  title={Faeria},
  howpublished={[PC CD-ROM]},
  year={2017}
}

@misc{terraria,
  author={Re-Logic},
  title={Terraria},
  howpublished={[PC CD-ROM]},
  year={2011}
}

@misc{aseprite,
	author={David Capello},
	title={Aseprite},
	howpublished={\url{http://aseprite.org/}},
	year={2001}
}

@misc{dot-trace,
	author={JetBrains},
	title={dotTrace},
	howpublished={\url{https://www.jetbrains.com/profiler/}},
}

@INPROCEEDINGS{graphviz,
	author = {John Ellson and Emden Gansner and Lefteris Koutsofios and Stephen North and Gordon Woodhull and Short Description and Lucent Technologies},
	title = {Graphviz — open source graph drawing tools},
	booktitle = {Lecture Notes in Computer Science},
	year = {2001},
	pages = {483--484},
	publisher = {Springer-Verlag}
}

@ARTICLE{evolution-strategies,
  author = {{Salimans}, T. and {Ho}, J. and {Chen}, X. and {Sutskever}, I.
  },
  title = "{Evolution Strategies as a Scalable Alternative to Reinforcement Learning}",
  journal = {ArXiv e-prints},
  archivePrefix = "arXiv",
  eprint = {1703.03864},
  primaryClass = "stat.ML",
  keywords = {Statistics - Machine Learning, Computer Science - Artificial Intelligence, Computer Science - Learning, Computer Science - Neural and Evolutionary Computing},
  year = 2017,
  month = mar,
  adsurl = {http://adsabs.harvard.edu/abs/2017arXiv170303864S},
  adsnote = {Provided by the SAO/NASA Astrophysics Data System}
}

@book{ai-modern,
  title={Artificial intelligence: a modern approach (3rd edition)},
  author={Russell, Stuart Jonathan and Norvig, Peter},
  year={2009},
  publisher={Prentice Hall}
}

@ARTICLE{mcts-survey, 
	author={C. B. Browne and E. Powley and D. Whitehouse and S. M. Lucas and P. I. Cowling and P. Rohlfshagen and S. Tavener and D. Perez and S. Samothrakis and S. Colton}, 
	journal={IEEE Transactions on Computational Intelligence and AI in Games}, 
	title={A Survey of Monte Carlo Tree Search Methods}, 
	year={2012}, 
	volume={4}, 
	number={1}, 
	pages={1-43}, 
	keywords={Monte Carlo methods;game theory;tree searching;MCTS research;Monte carlo tree search methods;computer Go;key game;nongame domains;random sampling generality;Artificial intelligence;Computers;Decision theory;Game theory;Games;Markov processes;Monte Carlo methods;Artificial intelligence (AI);Monte Carlo tree search (MCTS);bandit-based methods;computer Go;game search;upper confidence bounds (UCB);upper confidence bounds for trees (UCT)}, 
	doi={10.1109/TCIAIG.2012.2186810}, 
	ISSN={1943-068X}, 
	month={March},}

@misc{tpl,
	title = {Microsoft {TPL}},
	author = {Microsoft},
	howpublished = {\url{https://msdn.microsoft.com/en-us/library/dd460717(v=vs.110).aspx}},
	year = {2012},
	note = {Accessed: 2017-05-09}
}

@misc{async,
	title = {Microsoft Asynchronous Programming with Async and Await},
	author = {Microsoft},
	howpublished = {\url{https://msdn.microsoft.com/library/hh191443(vs.110).aspx}},
	year = {2012},
	note = {Accessed: 2017-05-09}
}

@misc{winforms,
	title = {Windows Forms},
	author = {Microsoft},
	howpublished = {\url{https://msdn.microsoft.com/en-us/library/dd30h2yb(v=vs.110).aspx}},
	year = {2006},
	note = {Accessed: 2017-05-09}
}

@misc{wpf,
	title = {Windows Presentation Foundation},
	author = {Microsoft},
	howpublished = {\url{https://msdn.microsoft.com/en-us/library/ms754130(v=vs.110).aspx}},
	year = {2006},
	note = {Accessed: 2017-05-09}
}

@misc{xna,
	title = {XNA},
	author = {Microsoft},
	howpublished = {\url{https://web.archive.org/web/20080517163516/http://msdn.microsoft.com/xna/}},
	year = {2004},
	note = {Accessed: 2017-05-09}
}

@misc{ms-pl,
	title = {Microsoft Public License},
	author = {Microsoft},
	howpublished = {\url{https://opensource.org/licenses/MS-PL}},
	year = {2001},
	note = {Accessed: 2017-05-09}
}

@misc{unity3d,
	title = {Unity 3D},
	author = {{Unity Technologies}},
	howpublished = {\url{https://unity3d.com/}},
	year = {2005},
	note = {Accessed: 2017-05-09}
}

@misc{libgdx,
	title = {libGDX},
	author = {Mario Zechner},
	howpublished = {\url{https://libgdx.badlogicgames.com/}},
	year = {2014},
	note = {Accessed: 2017-05-09}
}

@misc{json,
	series =	{Request for Comments},
	number =	7159,
	howpublished =	{RFC 7159},
	publisher =	{RFC Editor},
	doi =		{10.17487/rfc7159},
	url =		{https://rfc-editor.org/rfc/rfc7159.txt},
	author =	{Douglas Crockford},
	title =		{{The JavaScript Object Notation (JSON) Data Interchange Format}},
	pagetotal =	16,
	year =		{2014},
	month =		mar,
	abstract =	{JavaScript Object Notation (JSON) is a lightweight, text-based, language-independent data interchange format. It was derived from the ECMAScript Programming Language Standard. JSON defines a small set of formatting rules for the portable representation of structured data.},
}

@misc{bash,
	title = {Bash},
	author = {Free Software Foundation},
	howpublished = {\url{https://www.gnu.org/software/bash/}},
	year = {2007},
	note = {Accessed: 2017-05-09}
}

@book{highperf-dotnet,
	title={Writing High-performance. NET Code},
	author={Watson, Ben},
	year={2014},
	publisher={Ben Watson}
}

@misc{hexagons,
	title = {Hexagonal Grids},
	author={Amit Patel},
	year={2013},
	howpublished = {\url{http://www.redblobgames.com/grids/hexagons/}},
	note = {Accessed: 2017-05-09}
}

@misc{math-dotnet,
	title = {Math.NET Numerics},
	author={Christoph Ruegg, Marcus Cuda, Jurgen Van Gael},
	year={2017},
	howpublished = {\url{https://numerics.mathdotnet.com/}},
	note = {Accessed: 2017-05-09}
}

@misc{json-dotnet,
	title = {Json.NET},
	author={James Newton-King},
	year={2017},
	howpublished = {\url{http://www.newtonsoft.com/json}},
	note = {Accessed: 2017-05-09}
}

@misc{nuget,
	title = {NuGet},
	author = {Microsoft},
	year = {2010},
	howpublished = {\url{https://www.nuget.org/}},
	note = {Accessed: 2017-05-09}
}

@misc{monogame,
	author={{MonoGame Team}},
	title={MonoGame},
	howpublished={\url{http://www.monogame.net/}},
	year={2009}
}

@misc{monogame-pipeline,
	title = {MonoGame Pipeline Tool},
	author = {MonoGame Tool},
	year = {2009},
	howpublished = {\url{http://www.monogame.org/documentation/?page=Using_The_Pipeline_Tool}},
	note = {Accessed: 2017-05-09}
}



@BOOK{Andel98,
  title = {Statistické metody},
  publisher = {Matfyzpress},
  year = {1998},
  author = {Anděl, J.},
  address = {Praha},
  series = {Druhé přepracované vydání},
  isbn = {80-85863-27-8}
}

@ARTICLE{Cox72,
  author = {Cox, D. R.},
  title = {Regression models and life-tables (with {D}iscussion)},
  journal = {Journal of the Royal Statistical Society, Series B},
  year = {1972},
  volume = {34},
  pages = {187--220},
  number = {2}
}

@ARTICLE{DempsterLairdRubin77,
  author = {Dempster, A. P. and Laird, N. M. and Rubin, D. B.},
  title = {Maximum likelihood from incomplete data via the {EM} algorithm},
  journal = {Journal of the Royal Statistical Society, Series B},
  year = {1977},
  volume = {39},
  pages = {1--38},
  number = {1}
}

@ARTICLE{Genberget08,
  author = {Genberg, B. L. and Kulich, M. and Kawichai, S. and Modiba, P. and
	Chingono, A. and Kilonzo, G. P. and Richter, L. and Pettifor, A.
	and Sweat, M. and Celentano, D. D.},
  title = {{HIV} risk behaviors in Sub-{S}aharan {A}frica and {N}orthern {T}hailand:
	{B}aseline behavioral data from project {A}ccept},
  journal = {Journal of Acquired Immune Deficiency Syndrome},
  year = {2008},
  volume = {49},
  pages = {309--319}
}

@ARTICLE{KaplanMeier58,
  author = {Kaplan, E. L. and Meier, P.},
  title = {Nonparametric estimation from incomplete observations},
  journal = {Journal of the American Statistical Association},
  year = {1958},
  volume = {53},
  pages = {457--481},
  number = {282}
}

@BOOK{LehmannCasella98,
  title = {Theory of Point Estimation},
  publisher = {Springer-Verlag},
  year = {1998},
  author = {Lehmann, E. L. and Casella, G.},
  address = {New York},
  series = {{S}econd {E}dition},
  isbn = {0-387-98502-6}
}

@ARTICLE{Student08,
  author = {Student},
  title = {On the probable error of the mean},
  journal = {Biometrika},
  year = {1908},
  volume = {6},
  pages = {1-25}
}
